<?xml version="1.0" encoding="UTF-8"?><collection xmlns="http://www.loc.gov/MARC21/slim"><record><leader>00560nam--2200181-i-4500</leader><controlfield tag="001">000036428</controlfield><controlfield tag="002">20161230</controlfield><controlfield tag="005">20161230201040</controlfield><controlfield tag="008">060222s1000------------r-----000-0-eng-d</controlfield><datafield ind1=" " ind2=" " tag="020"><subfield code="a">0306407558</subfield></datafield><datafield ind1=" " ind2=" " tag="040"><subfield code="a">IFIN-HH</subfield></datafield><datafield ind1=" " ind2=" " tag="080"><subfield code="a">639.194:541.124(061.3)</subfield></datafield><datafield ind1="1" ind2=" " tag="100"><subfield code="a">Truhlar, Donaald G</subfield></datafield><datafield ind1="1" ind2="0" tag="245"><subfield code="a">Potential energy surfaces and dynamics calculations for chemical reactions and molecular energy transfer</subfield><subfield code="c">Donald g. truhlar (ed.)</subfield></datafield><datafield ind1=" " ind2=" " tag="260"><subfield code="a">New York</subfield><subfield code="b">Plenum Press</subfield><subfield code="c">1981</subfield></datafield><datafield ind1=" " ind2=" " tag="300"><subfield code="a">XII + 866P</subfield></datafield><datafield ind1=" " ind2=" " tag="852"><subfield code="a">70200</subfield><subfield code="c">539.19</subfield></datafield><datafield ind1=" " ind2=" " tag="CAT"><subfield code="a">Sys</subfield><subfield code="c">20120717</subfield><subfield code="h">130250</subfield></datafield></record></collection>